@COMMENT{You may add BibLaTeX entries here as required.}

